<record><leader>00000cas a22000007a 4500</leader><controlfield tag="001">18302628</controlfield><controlfield tag="008">880802d19321950nyuwr ne      0    0eng d</controlfield><datafield ind1=" " ind2=" " tag="010"><subfield code="a">sn 88074287 </subfield></datafield><datafield ind1=" " ind2=" " tag="040"><subfield code="a">NYS</subfield><subfield code="b">eng</subfield><subfield code="c">NYS</subfield><subfield code="d">OCLCQ</subfield></datafield><datafield ind1=" " ind2=" " tag="042"><subfield code="a">msc</subfield></datafield><datafield ind1="0" ind2=" " tag="130"><subfield code="a">Mount Morris union (Mount Morris, N.Y. : 1932)</subfield></datafield><datafield ind1="1" ind2="4" tag="245"><subfield code="a">The Mount Morris union.</subfield></datafield><datafield ind1=" " ind2=" " tag="260"><subfield code="a">Mount Morris, N.Y. :</subfield><subfield code="b">William T. Larkin</subfield></datafield><datafield ind1=" " ind2=" " tag="300"><subfield code="a">v.</subfield></datafield><datafield ind1=" " ind2=" " tag="310"><subfield code="a">Weekly</subfield></datafield><datafield ind1="1" ind2=" " tag="362"><subfield code="a">Ceased Dec. 1950.</subfield></datafield><datafield ind1=" " ind2=" " tag="588"><subfield code="a">Description based on: Vol. 116, no. 1 (Feb. 17, 1950).</subfield></datafield><datafield ind1=" " ind2="4" tag="651"><subfield code="a">Mount Morris (N.Y.)</subfield><subfield code="v">Newspapers.</subfield></datafield><datafield ind1=" " ind2=" " tag="752"><subfield code="a">United States</subfield><subfield code="b">New York</subfield><subfield code="c">Livingston</subfield><subfield code="d">Mount Morris.</subfield></datafield><datafield ind1="0" ind2="1" tag="780"><subfield code="t">Picket line post and the Mount Morris union (Mount Morris, N.Y. : 1918)</subfield><subfield code="w">(DLC)sn 88074285</subfield><subfield code="w">(OCoLC)18001420</subfield></datafield><datafield ind1="0" ind2="7" tag="785"><subfield code="t">Picket line post (Mount Morris, N.Y. : 1932)</subfield><subfield code="w">(DLC)sn 88074284</subfield><subfield code="w">(OCoLC)9378747</subfield></datafield><datafield ind1="0" ind2="7" tag="785"><subfield code="t">Picket line post &amp; Mount Morris union (Mount Morris, N.Y. : 1951)</subfield><subfield code="w">(DLC)sn 88074284</subfield><subfield code="w">(OCoLC)18001444</subfield></datafield><datafield ind1="1" ind2=" " tag="029"><subfield code="a">AU@</subfield><subfield code="b">000020517192</subfield></datafield></record>